<?xml version="1.0" encoding="UTF-8"?><collection><record><leader>05997ntm a2200649 a 4500</leader><controlfield tag="001">006822433</controlfield><controlfield tag="003">MiAaHDL</controlfield><controlfield tag="005">20190719000000.0</controlfield><controlfield tag="006">m        d        </controlfield><controlfield tag="007">cr bn ---auaua</controlfield><controlfield tag="008">090624s17uu    xx            00| ||ota d</controlfield><datafield tag="035" ind1=" " ind2=" "><subfield code="a">(MiU)006822433</subfield></datafield><datafield tag="035" ind1=" " ind2=" "><subfield code="a">sdr-miu006822433</subfield></datafield><datafield tag="040" ind1=" " ind2=" "><subfield code="a">MiU</subfield><subfield code="c">MiU</subfield><subfield code="e">amremm</subfield></datafield><datafield tag="041" ind1="0" ind2=" "><subfield code="a">ota</subfield></datafield><datafield tag="043" ind1=" " ind2=" "><subfield code="a">n-us-mi</subfield></datafield><datafield tag="100" ind1="0" ind2=" "><subfield code="6">880-01</subfield><subfield code="a">Süleyman Çelebi,</subfield><subfield code="d">-1422?</subfield></datafield><datafield tag="240" ind1="1" ind2="0"><subfield code="6">880-02</subfield><subfield code="a">Vesîletüʼn-necat</subfield></datafield><datafield tag="245" ind1="1" ind2="0"><subfield code="6">880-03</subfield><subfield code="a">Mevlûd-u şerif,</subfield><subfield code="f">[18th century?].</subfield></datafield><datafield tag="246" ind1="3" ind2=" "><subfield code="a">مولد شريف</subfield></datafield><datafield tag="246" ind1="3" ind2=" "><subfield code="a">Mevlit</subfield></datafield><datafield tag="246" ind1="3" ind2=" "><subfield code="a">Mevlid-i şerif</subfield></datafield><datafield tag="246" ind1="3" ind2=" "><subfield code="a">Mevlût-u şerif</subfield></datafield><datafield tag="260" ind1=" " ind2=" "><subfield code="c">[17--?].</subfield></datafield><datafield tag="300" ind1=" " ind2=" "><subfield code="a">10 leaves :</subfield><subfield code="b">paper ;</subfield><subfield code="c">182 x 116 (123 x 73) mm. bound to 187 x 118 mm.</subfield></datafield><datafield tag="500" ind1=" " ind2=" "><subfield code="a">Shelfmark: Ann Arbor, University of Michigan, Special Collections Library, Isl. Ms. 406</subfield></datafield><datafield tag="500" ind1=" " ind2=" "><subfield code="a">Origin: As appears in colophon on p.17, copied by Mehmet bin Mahmut (Muḥammad ibn Maḥmūd), a student of Süleyman Efendi of Üsküdar (سليمان افندى الاسكدارى), with date transcription completed not specified ; decoration, paper, etc. suggest 18th century.</subfield></datafield><datafield tag="500" ind1=" " ind2=" "><subfield code="a">Former shelfmark: "361 T. De M. [i.e. Tammaro De Marinis]" inscribed in pencil on verso of front flyleaf.</subfield></datafield><datafield tag="500" ind1=" " ind2=" "><subfield code="a">Binding: Pasteboards faced in quite dark brown (to black) leather and now edged in dark maroon leather (likely repair) ; now Type III binding (without flap) but not flush with text block ; pastedowns and flyleaves in bright spring green surface-dyed wove paper ; upper and lower covers carry heavily recessed stamped and gold-painted scalloped mandorla (filled with vegetal decoration, compare Déroche class. NSd 9) and pendants, with gold-painted accents and tooled border ; sewn in heavy yellow thread, four stations ; overall in good condition with only minor abrasion (mainly at spine and board edges), etc. ; evidence of envelope flap on opening leaf indicates that this cover once had a flap or text block was once covered in a different binding (with a flap).</subfield></datafield><datafield tag="500" ind1=" " ind2=" "><subfield code="a">Support: non-European laid paper with 7-8 laid lines per cm. (vertical, indistinct, some curving) and no chain lines visible, crisp, well-burnished, sturdy, beige / buff in color.</subfield></datafield><datafield tag="500" ind1=" " ind2=" "><subfield code="a">Decoration: Exquisite illuminated headpiece (ʻunwān) at opening on p.2 consisting of rectangular piece with gold cartouche carrying the title in white (هذا مولود شريف) surrounded by swirling floral vegetal decoration and chi clouds in gold, lavender, red, white, and turquoise (light blue-green) on fields of dark cream with gold accents and lapis lazuli, surmounted by scalloped w-shaped piece filled with similar floral vegetal and chi cloud motifs, itself surmounted by vertical stalks (tīgh), entire piece surrounded by border or well in red with white accents ; illuminated floral motifs set off headings and colophon ; written area surrounded by heavy gold frame outlined by black fillets with outermost blue rule ; section headings and musical annotations in margins rubricated.</subfield></datafield><datafield tag="500" ind1=" " ind2=" "><subfield code="a">Script: Naskh ; elegant Ottoman hand ; partially seriffed with right-sloping head-serifs on lām, ṭāʼ, ẓāʼ but not alif, effect of tilt to the left, curvilinear descenders (some sweeping, final nūn, etc.), rightward descenders tapered, mainly open counters, pointing in distinct dots ; fully vocalized.</subfield></datafield><datafield tag="500" ind1=" " ind2=" "><subfield code="a">Layout: Written in 11 lines per page ; divided to two columns to set off poetry ; section headings centered ; frame-ruled.</subfield></datafield><datafield tag="500" ind1=" " ind2=" "><subfield code="a">Collation: ii, IV+2 (10), ii ; catchwords present ; pagination in pencil, Western numerals, supplied during cataloguing (skips opening leaf).</subfield></datafield><datafield tag="500" ind1=" " ind2=" "><subfield code="a">Colophon: "Scribal," reads "الحمد لله الذي وقفني لكتابة مولود شريف ويسرني بفضله اتمام تنميقه كتبه الحقير المحتاج الى رحمة ربه المعبود محمد بن محمود من تلاميذ سليمان افندى الاسكدارى حامدا الله تعالى ومصليا على نبيه محمد واله اجمعين الطاهرين"</subfield></datafield><datafield tag="500" ind1=" " ind2=" "><subfield code="a">Explicit: "كرديلر سز بوله سز اوتدن نجات عشقله درديله ايدك الصلوة ... امتك اولدوغمز دولت يتر خدمتك قلديغمز عزت يتر ... امتدن راضى اولسون اول معين رحمت الله عليهم اجمعين"</subfield></datafield><datafield tag="500" ind1=" " ind2=" "><subfield code="a">Incipit: "الله ادين ذكر ايده لم اولا واجب اولدر جمله اشده هر قولا ..."</subfield></datafield><datafield tag="500" ind1=" " ind2=" "><subfield code="a">Title from headpiece at opening (p.2) and colophon (p.17).</subfield></datafield><datafield tag="500" ind1=" " ind2=" "><subfield code="a">Ms. codex.</subfield></datafield><datafield tag="510" ind1="4" ind2=" "><subfield code="a">Cat. Turk. MSS. Brit. Mus.,</subfield><subfield code="c">p.240</subfield></datafield><datafield tag="520" ind1="8" ind2=" "><subfield code="a">Elegant copy of the famous poem in praise of the Prophet by Süleyman Çelebi of Bursa (d.1422?). Contributions to the cataloguing by Mehmet Uğur Ekinci.</subfield></datafield><datafield tag="538" ind1=" " ind2=" "><subfield code="a">Mode of access: Internet.</subfield></datafield><datafield tag="541" ind1=" " ind2=" "><subfield code="c">Purchase ;</subfield><subfield code="a">Acquired by purchase (funds donated by Horace Rackham).</subfield><subfield code="d">1924.</subfield></datafield><datafield tag="546" ind1=" " ind2=" "><subfield code="a">Ottoman Turkish.</subfield></datafield><datafield tag="561" ind1=" " ind2=" "><subfield code="a">The musical modes employed in singing the verses in margins specifying degrees of the scale (دوكاه، حسينى، صبا، الخ) ; fairly clean copy.</subfield></datafield><datafield tag="600" ind1="0" ind2="0"><subfield code="a">Muḥammad,</subfield><subfield code="c">Prophet,</subfield><subfield code="d">-632</subfield><subfield code="v">Poetry.</subfield></datafield><datafield tag="650" ind1=" " ind2="0"><subfield code="a">Manuscripts, Turkish</subfield><subfield code="z">Michigan</subfield><subfield code="z">Ann Arbor.</subfield></datafield><datafield tag="650" ind1=" " ind2="0"><subfield code="a">Masnavis, Turkish</subfield><subfield code="v">Early works to 1800.</subfield></datafield><datafield tag="650" ind1=" " ind2="0"><subfield code="a">Turkish poetry</subfield><subfield code="x">15th century.</subfield></datafield><datafield tag="650" ind1=" " ind2="0"><subfield code="a">Mawlid al-Nabī in literature.</subfield></datafield><datafield tag="700" ind1="0" ind2=" "><subfield code="a">Abdülhamid</subfield><subfield code="b">II,</subfield><subfield code="c">Sultan of the Turks,</subfield><subfield code="d">1842-1918,</subfield><subfield code="e">former owner.</subfield></datafield><datafield tag="700" ind1="0" ind2=" "><subfield code="6">880-04</subfield><subfield code="a">Mehmet bin Mahmut,</subfield><subfield code="e">scribe.</subfield></datafield><datafield tag="773" ind1="0" ind2=" "><subfield code="a">Abdul Hamid Collection.</subfield></datafield><datafield tag="880" ind1="0" ind2=" "><subfield code="6">700-04/</subfield><subfield code="a">محمد بن محمود,</subfield><subfield code="e">ناسخ.</subfield></datafield><datafield tag="880" ind1="1" ind2="0"><subfield code="6">245-03/</subfield><subfield code="a">مولود شريف,</subfield><subfield code="f">[القرن 18م؟].</subfield></datafield><datafield tag="880" ind1="1" ind2="0"><subfield code="6">240-02/</subfield><subfield code="a">وسيله النجات</subfield></datafield><datafield tag="880" ind1="0" ind2=" "><subfield code="6">100-01/</subfield><subfield code="a">سليمان چلبي.</subfield></datafield><datafield tag="CID" ind1=" " ind2=" "><subfield code="a">006822433</subfield></datafield><datafield tag="DAT" ind1="0" ind2=" "><subfield code="a">20190719102640.0</subfield><subfield code="b">20190719000000.0</subfield></datafield><datafield tag="DAT" ind1="1" ind2=" "><subfield code="a">20190719090653.0</subfield><subfield code="b">2019-07-19T16:12:08Z</subfield></datafield><datafield tag="DAT" ind1="2" ind2=" "><subfield code="a">2015-10-02T18:00:03Z</subfield></datafield><datafield tag="CAT" ind1=" " ind2=" "><subfield code="a">SDR-MIU</subfield><subfield code="d">EX LIBRIS - ALEPH</subfield><subfield code="l">prepare.pl-004-008</subfield></datafield><datafield tag="FMT" ind1=" " ind2=" "><subfield code="a">BK</subfield></datafield><datafield tag="HOL" ind1=" " ind2=" "><subfield code="0">sdr-miu006822433</subfield><subfield code="a">MiU</subfield><subfield code="b">SDR</subfield><subfield code="c">MIU</subfield><subfield code="p">mdp.39015079130731</subfield><subfield code="s">MIU</subfield><subfield code="1">006822433</subfield></datafield><datafield tag="974" ind1=" " ind2=" "><subfield code="b">MIU</subfield><subfield code="c">MIU</subfield><subfield code="d">20190719</subfield><subfield code="s">lit-dlps-dc</subfield><subfield code="u">mdp.39015079130731</subfield><subfield code="y">1799</subfield><subfield code="r">pd</subfield><subfield code="q">bib</subfield><subfield code="t">non-US bib date1 &lt; 1896</subfield></datafield></record></collection>